@misc{fayyad,
  title = {{MS Windows NT} Kernel Description},
  howpublished = {\url{http://www.csd.uwo.ca/faculty/ling/cs435/fayyad.pdf}},
  note = {Accessed: 2010-09-30}
}

@misc{hartono14,
  title = {HARTONO},
  howpublished = {\url{http://arxiv.org/pdf/1412.6567.pdf}},
  note = {Accessed: 2010-09-30}
}


@misc{metacentrum,
  title = {Metacentrum},
  howpublished = {\url{https://wiki.metacentrum.cz/wiki/Main_Pagel}},
  note = {Accessed: 2010-09-30}
}

@misc{lms,
  title = {Metacentrum},
  howpublished = {\url{http://ieeexplore.ieee.org/xpl/login.jsp?tp=&arnumber=6974469&url=http%3A%2F%2Fieeexplore.ieee.org%2Fxpls%2Fabs_all.jsp%3Farnumber%3D6974469}},
  note = {Accessed: 2010-09-30}
}


@misc{g_in_g_out,
  title = {Intro ..},
  howpublished = {\url{http://searchsoftwarequality.techtarget.com/definition/garbage-in-garbage-out}},
  note = {Accessed: 2010-09-30}
}

@misc{som_clustering,
  title = {Intro ..},
  howpublished = {\url{chrome-extension://oemmndcbldboiebfnladdacbdfmadadm/http://lib.tkk.fi/Diss/2002/isbn951226093X/article4.pdf}},
  note = {Accessed: 2010-09-30}
}

@misc{visual,
  title = {Intro ..},
  howpublished = {\url{http://dl.acm.org/citation.cfm?id=614508}},
  note = {Accessed: 2010-09-30}
}

@misc{som_dim_red,
  title = {Intro ..},
  howpublished = {\url{http://138.100.76.11/visionguided2/sites/files/campoy%20ijcnn09.pdf}},
  note = {Accessed: 2010-09-30}
}

@misc{hbcap,
  title = {Intro ..},
  howpublished = {\url{http://www.ise.bgu.ac.il/faculty/liorr/hbchap1.pdf}},
  note = {Accessed: 2010-09-30}
}

@misc{makeit,
  title = {Make It Work Make It Right Make It Fast},
  howpublished = {\url{http://c2.com/cgi/wiki?MakeItWorkMakeItRightMakeItFast}},
  note = {Accessed: 2010-09-30}
}

@misc{kddb,
  title = {Knowledge Discovery in Databases},
  howpublished = {\url{http://www.amazon.com/dp/0262660709/ref=rdr_ext_tmbf}},
  note = {Accessed: 2010-09-30}
}

@misc{eurokomise,
  title = {Eurokomise},
  howpublished = {\url{http://euromise.vse.cz/kdd/index.php}},
  note = {Accessed: 2010-09-30}
}

@misc{junkie,
  title = {junkie},
  howpublished = {\url{http://www.ai-junkie.com/ann/som/som1.html}},
  note = {Accessed: 2010-09-30}
}

@misc{analyze,
  title = {Analyze documentation},
  howpublished = {\url{developer.echonest.com/docs/v4/_static/AnalyzeDocumentation.pdf}},
  note = {Accessed: 2010-09-30}
}

